<?xml version="1.0" encoding="utf-8"?>
<record xmlns="http://www.loc.gov/MARC21/slim" xmlns:xsi="http://www.w3.org/2001/XMLSchema-instance" xsi:schemaLocation="http://www.loc.gov/MARC21/slim http://www.loc.gov/standards/marcxml/schema/MARC21slim.xsd">
	<leader>     nam a22     Mi 4500</leader>
	<controlfield tag="001">b12661119</controlfield>
	<controlfield tag="003">UaCaAUL</controlfield>
	<controlfield tag="006">m        d        </controlfield>
	<controlfield tag="007">cr cn |||m|||a</controlfield>
	<controlfield tag="008">200513s1869    ua      o     000 p ara d</controlfield>
	<datafield ind1=" " ind2=" " tag="040">
		<subfield code="a">ZYU</subfield>
		<subfield code="b">ara</subfield>
		<subfield code="e">rda</subfield>
		<subfield code="c">ZYU</subfield>
	</datafield>
	<datafield ind1="1" ind2=" " tag="100">
		<subfield code="6">880-01</subfield>
		<subfield code="a">Ibn Khafājah, Ibrāhīm ibn Abī al-Fatḥ,</subfield>
		<subfield code="d">1058 or 1059-1139.</subfield>
	</datafield>
	<datafield ind1="1" ind2="0" tag="240">
		<subfield code="6">880-02</subfield>
		<subfield code="a">Dīwān Ibn Khafājah</subfield>
	</datafield>
	<datafield ind1="1" ind2="0" tag="245">
		<subfield code="6">880-03</subfield>
		<subfield code="a">Hādhā dīwān nādirat ʻaṣrihi al-adīb al-bāriʻ al-mashhūr Abī Isḥāq Ibrāhīm Ibn Khafājah al-Andalusī, raḥimahu Allāh taʻālá, āmīn.</subfield>
	</datafield>
	<datafield ind1="3" ind2="0" tag="246">
		<subfield code="6">880-04</subfield>
		<subfield code="a">Dīwān Ibn Khafājah</subfield>
	</datafield>
	<datafield ind1=" " ind2="1" tag="264">
		<subfield code="6">880-05</subfield>
		<subfield code="a">Maḥrūsat Miṣr :</subfield>
		<subfield code="b">bi-al-Maṭbaʻah al-Khāṣṣah bi-Jamʻīyat al-Maʻārif bi-Maḥrūsat Miṣr,</subfield>
		<subfield code="c">1286 [1869]</subfield>
	</datafield>
	<datafield ind1=" " ind2=" " tag="300">
		<subfield code="a">online resource (135 pages)</subfield>
	</datafield>
	<datafield ind1=" " ind2=" " tag="336">
		<subfield code="a">text</subfield>
		<subfield code="2">rdacontent</subfield>
	</datafield>
	<datafield ind1=" " ind2=" " tag="337">
		<subfield code="a">computer</subfield>
		<subfield code="2">rdamedia</subfield>
	</datafield>
	<datafield ind1=" " ind2=" " tag="338">
		<subfield code="a">online resource</subfield>
		<subfield code="2">rdacarrier</subfield>
	</datafield>
	<datafield ind1=" " ind2=" " tag="500">
		<subfield code="6">880-06</subfield>
		<subfield code="a">Qad dhakara hādhā al-dīwān mathalan kātib Jalbī fī kashf al-ẓunūn wa-mayyazahu ʻan kull dīwān bi-qawlihi (Dīwān Ibn Khafājah) Abī Isḥāq Ibrāhīm Ibn Abī al-Fatḥ al-Andalusī, al-mutawaffá sanat 533 aḥsana fī-hi kull al-iḥsān.</subfield>
	</datafield>
	<datafield ind1=" " ind2=" " tag="500">
		<subfield code="a">Decorated title page.</subfield>
	</datafield>
	<datafield ind1=" " ind2=" " tag="500">
		<subfield code="a">Part of the Arabic Collections Online (ACO) project, contributed by American University in Cairo Library.</subfield>
	</datafield>
	<datafield ind1=" " ind2=" " tag="533">
		<subfield code="a">Electronic reproduction.</subfield>
		<subfield code="b">New York, N.Y. :</subfield>
		<subfield code="c">New York University,</subfield>
		<subfield code="d">2020.</subfield>
		<subfield code="5">NNU</subfield>
	</datafield>
	<datafield ind1="1" ind2="0" tag="600">
		<subfield code="6">880-07</subfield>
		<subfield code="a">Ibn Khafājah, Ibrāhīm ibn Abī al-Fatḥ,</subfield>
		<subfield code="d">1058 or 1059-1139</subfield>
		<subfield code="x">Criticism and interpretation.</subfield>
	</datafield>
	<datafield ind1=" " ind2="0" tag="650">
		<subfield code="a">Arabic poetry.</subfield>
	</datafield>
	<datafield ind1="1" ind2="7" tag="600">
		<subfield code="a">Ibn Khafājah, Ibrāhīm ibn Abī al-Fatḥ,</subfield>
		<subfield code="d">1058 or 1059-1139.</subfield>
		<subfield code="2">fast</subfield>
		<subfield code="0">(OCoLC)fst01825486</subfield>
	</datafield>
	<datafield ind1=" " ind2="7" tag="650">
		<subfield code="a">Arabic poetry.</subfield>
		<subfield code="2">fast</subfield>
		<subfield code="0">(OCoLC)fst00812533</subfield>
	</datafield>
	<datafield ind1=" " ind2="7" tag="655">
		<subfield code="a">Criticism, interpretation, etc.</subfield>
		<subfield code="2">fast</subfield>
		<subfield code="0">(OCoLC)fst01411635</subfield>
	</datafield>
	<datafield ind1="2" ind2=" " tag="710">
		<subfield code="a">American University in Cairo.</subfield>
		<subfield code="b">Library.</subfield>
	</datafield>
	<datafield ind1="0" ind2=" " tag="730">
		<subfield code="a">Arabic Collections Online.</subfield>
	</datafield>
	<datafield ind1="0" ind2="8" tag="776">
		<subfield code="i">Print version:</subfield>
		<subfield code="a">Ibn Khafājah, Ibrāhīm ibn Abī al-Fatḥ, 1058 or 1059-1139.</subfield>
		<subfield code="t">Hādhā dīwān nādirat ʻaṣrihi al-adīb al-bāriʻ al-mashhūr Abī Isḥāq Ibrāhīm Ibn Khafājah al-Andalusī, raḥimahu Allāh taʻālá, āmīn</subfield>
		<subfield code="w">(UaCaAUL)b12661119</subfield>
		<subfield code="w">(OCoLC)54868361</subfield>
	</datafield>
	<datafield ind1="4" ind2="0" tag="856">
		<subfield code="u">http://hdl.handle.net/2333.1/mpg4ffhj</subfield>
	</datafield>
	<datafield ind1="1" ind2=" " tag="880">
		<subfield code="6">100-01</subfield>
		<subfield code="a">ابن خفاجة، ابراهيم بن أبي الفتح،</subfield>
		<subfield code="d">1058 أو 1059-1139.</subfield>
	</datafield>
	<datafield ind1="1" ind2="0" tag="880">
		<subfield code="6">240-02</subfield>
		<subfield code="a">ديوان ابن خفاجة</subfield>
	</datafield>
	<datafield ind1="1" ind2="0" tag="880">
		<subfield code="6">245-03</subfield>
		<subfield code="a">هذا ديوان نادرة عصره الأديب البارع المشهور أبي اسحاق ابراهيم ابن خفاجة الأندلسي، رحمه الله تعالى، آمين.</subfield>
	</datafield>
	<datafield ind1="3" ind2="0" tag="880">
		<subfield code="6">246-04</subfield>
		<subfield code="a">ديوان ابن خفاجة</subfield>
	</datafield>
	<datafield ind1=" " ind2="1" tag="880">
		<subfield code="6">264-05</subfield>
		<subfield code="a">محروسة مصر :</subfield>
		<subfield code="b">بالمطبعة الخاصة بجمعية المعارف بمحروسة مصر،</subfield>
		<subfield code="c">1286 [1869]</subfield>
	</datafield>
	<datafield ind1=" " ind2=" " tag="880">
		<subfield code="6">500-06</subfield>
		<subfield code="a">قد ذكر هذه الديوان مثلا كاتب جلبي في كشف الظنون وميزه عن كل ديوان بقول (ديوان ابن خفاجه) أبي اسحاق ابراهيم ابن أبي الفتح الأندلسي، المتوفى سنة 533 احسن فيه كل الاحسان.</subfield>
	</datafield>
	<datafield ind1="1" ind2="4" tag="880">
		<subfield code="6">600-07</subfield>
		<subfield code="a">ابن خفاجة، ابراهيم بن أبي الفتح،</subfield>
		<subfield code="d">1058 أو 1059-1139</subfield>
		<subfield code="x">نقد وتحليل.</subfield>
	</datafield>
	<datafield ind1=" " ind2=" " tag="959">
		<subfield code="a">NNU</subfield>
		<subfield code="b">WEB</subfield>
		<subfield code="c">GENI</subfield>
		<subfield code="t">0</subfield>
		<subfield code="m">Electronic access</subfield>
		<subfield code="s">01</subfield>
	</datafield>
	<datafield ind1=" " ind2=" " tag="999">
		<subfield code="i">UaCaAUL_b12661119</subfield>
		<subfield code="o">(OCoLC)ocm54868361</subfield>
		<subfield code="s">auc_aco001121:</subfield>
		<subfield code="e">(ERROR-MISC)</subfield>
		<subfield code="s">auc_aco001121:</subfield>
	</datafield>
</record>
